<record><leader>00000cas a22000007a 4500</leader><controlfield tag="001">18803196</controlfield><controlfield tag="008">881125d18811881nduwr ne      0    0eng d</controlfield><datafield ind1=" " ind2=" " tag="010"><subfield code="a">sn 88076705 </subfield></datafield><datafield ind1=" " ind2=" " tag="040"><subfield code="a">NOP</subfield><subfield code="b">eng</subfield><subfield code="c">NOP</subfield><subfield code="d">OCLCQ</subfield></datafield><datafield ind1=" " ind2=" " tag="042"><subfield code="a">msc</subfield></datafield><datafield ind1="0" ind2="4" tag="245"><subfield code="a">The Acton news.</subfield></datafield><datafield ind1=" " ind2=" " tag="260"><subfield code="a">Acton, Walsh County, D.T. [N.D.] :</subfield><subfield code="b">Frank M. Winship</subfield></datafield><datafield ind1=" " ind2=" " tag="300"><subfield code="a">1 v. :</subfield><subfield code="b">ill.</subfield></datafield><datafield ind1=" " ind2=" " tag="310"><subfield code="a">Weekly</subfield></datafield><datafield ind1="0" ind2=" " tag="362"><subfield code="a">Vol. 1, no. 1 (May 26, 1881)-v. 1, no. 17 (Sept. 15, 1881).</subfield></datafield><datafield ind1=" " ind2=" " tag="530"><subfield code="a">Available on microfilm from the State Historical Society of North Dakota.</subfield></datafield><datafield ind1=" " ind2=" " tag="752"><subfield code="a">United States</subfield><subfield code="b">North Dakota</subfield><subfield code="c">Walsh</subfield><subfield code="d">Acton.</subfield></datafield><datafield ind1="0" ind2="0" tag="785"><subfield code="t">Grafton news</subfield><subfield code="w">(DLC)sn 88076711</subfield></datafield></record>